@book{lezamaGrupos,
Author = {Lezama, José Oswaldo},
ISBN = {9783319195452},
Series = {Cuadernos de álgebra},
Title = {Cuadernos de álgebra. No. 4 Álgebra Lineal},
Year = {2017},
}

@book{lezamaAlgebraLineal,
Author = {Lezama, José Oswaldo},
ISBN = {9783319195452},
Title = {Álgebra Lineal},
Year = {2017},
}
